@Book{ Dantzig1963,
	title = "Linear programming and extensions",
	author = "B Dantzig",
	publisher = "Princeton University Press",
	address = "Princeton (NJ)",
	edition = "2",
	year = "1963"
}
