Automatically generated by Mendeley 1.8
Any changes to this file will be lost if it is regenerated by Mendeley.

@article{Klyve2003,
author = {Klyve, Dominic and Stemkoski, Lee},
file = {:home/gerdus/Meesters/Mendeley/Klyve, Stemkoski - Greco-Latin Squares and a Mistaken Conjecture of Euler.pdf:pdf},
pages = {1--15},
title = {{Greco-Latin Squares and a Mistaken Conjecture of Euler}},
year = {2003}
}
@article{Mann1942,
author = {Mann, HB},
file = {:home/gerdus/Meesters/Mendeley/Mann - The construction of orthogonal latin squares.pdf:pdf},
journal = {The Annals of Mathematical Statistics},
number = {4},
pages = {418--423},
title = {{The construction of orthogonal latin squares}},
url = {http://onlinelibrary.wiley.com/doi/10.1002/cbdv.200490137/abstract},
volume = {13},
year = {1942}
}
@article{McKay2007,
author = {McKay, BD and Meynert, Alison and Myrvold, Wendy},
file = {:home/gerdus/Meesters/Mendeley/McKay, Meynert, Myrvold - Small Latin squares, quasigroups, and loops.pdf:pdf},
journal = {Journal of Combinatorial \ldots},
pages = {1--28},
title = {{Small Latin squares, quasigroups, and loops}},
url = {http://onlinelibrary.wiley.com/doi/10.1002/jcd.20105/abstract},
year = {2007}
}
@article{Denny1998,
author = {Denny, Paul C},
file = {:home/gerdus/Meesters/Mendeley/Denny - Search and Enumerations Techniques for Incidence Structures.pdf:pdf},
journal = {Technical Report},
number = {May},
title = {{Search and Enumerations Techniques for Incidence Structures}},
year = {1998}
}
@article{Hall1945,
author = {Hall, Marshall},
file = {:home/gerdus/Meesters/Mendeley/Hall - An existence theorem for Latin squares.pdf:pdf},
journal = {Bull. Amer. Math. Soc},
number = {1935},
pages = {387--388},
title = {{An existence theorem for Latin squares}},
url = {http://www.ams.org/bull/1945-51-06/S0002-9904-1945-08361-X/S0002-9904-1945-08361-X.pdf},
volume = {10},
year = {1945}
}
@article{Ries2011,
author = {Ries, CB and Schr\"{o}der, C and Grout, Vic},
file = {:home/gerdus/Meesters/Mendeley/Ries, Schr\"{o}der, Grout - Generation of an Integrated Development Environment (IDE) for Berkeley Open Infrastructure for Network Computing (BOINC).pdf:pdf},
journal = {Proc. SEIN},
keywords = {boinc,code generation,controller,delegate,environment,integrated development,model,uml,view},
title = {{Generation of an Integrated Development Environment (IDE) for Berkeley Open Infrastructure for Network Computing (BOINC)}},
url = {http://www.christianbenjaminries.de/research/SEIN2011.pdf},
year = {2011}
}
@article{Bulutoglu,
author = {Bulutoglu, D A and Margot, F},
file = {:home/gerdus/Meesters/Mendeley/Bulutoglu, Margot - Classification of Orthogonal Arrays by Integer Programming.pdf:pdf},
keywords = {a,afit,bulutoglu,corresponding author,covering arrays,d,d-optimal designs,dursun,edu,email addresses,fractional factorial designs,isomorphism classes,isomorphism pruning,orthogonal arrays,packing arrays},
number = {December 2006},
title = {{Classification of Orthogonal Arrays by Integer Programming}}
}
@misc{TheMendeleySupportTeam2011,
abstract = {A quick introduction to Mendeley. Learn how Mendeley creates your personal digital library, how to organize and annotate documents, how to collaborate and share with colleagues, and how to generate citations and bibliographies.},
address = {London},
author = {{The Mendeley Support Team}},
booktitle = {Mendeley Desktop},
file = {:home/gerdus/Meesters/Mendeley/The Mendeley Support Team - Getting Started with Mendeley.pdf:pdf},
keywords = {Mendeley,how-to,user manual},
pages = {1--16},
publisher = {Mendeley Ltd.},
title = {{Getting Started with Mendeley}},
url = {http://www.mendeley.com},
year = {2011}
}
@article{Lee2006,
author = {Lee, Moon Ho and Pokhrel, Subash Shree and Korea, South},
file = {:home/gerdus/Meesters/Mendeley/Lee, Pokhrel, Korea - On Orthogonality of Latin Squares.pdf:pdf},
keywords = {1,27,but question is of,constructing a random latin,enumeration for example,exist for a given,frequency squares,how,introduction from latin square,latin squares,many latin squares can,no good algorithm for,one natural approach to,orthogonality,refer to wilson,s the order of,square,t-orthogonality,the latin square,their construction,there seems to be,we can know that},
pages = {1--31},
title = {{On Orthogonality of Latin Squares}},
year = {2006}
}
@article{Allen2013,
archivePrefix = {arXiv},
arxivId = {arXiv:1303.0028v1},
author = {Allen, B and Knispel, B},
eprint = {arXiv:1303.0028v1},
file = {:home/gerdus/Meesters/Mendeley/Allen, Knispel - Einstein@Home.pdf:pdf},
journal = {Draft},
title = {{Einstein@Home}},
year = {2013}
}
@article{Kidd2012,
author = {Kidd, MP},
file = {:home/gerdus/Meesters/Mendeley/Kidd - On the existence and enumeration of sets of two or three mutually orthogonal Latin squares with application to sports tournament scheduling.pdf:pdf},
number = {March},
title = {{On the existence and enumeration of sets of two or three mutually orthogonal Latin squares with application to sports tournament scheduling}},
url = {http://ir1.sun.ac.za/handle/10019.1/20038},
year = {2012}
}
@article{Anderson2006,
author = {Anderson, David and Christensen, Carl and Allen, Bruce},
doi = {10.1109/SC.2006.24},
file = {:home/gerdus/Meesters/Mendeley/Anderson, Christensen, Allen - Designing a Runtime System for Volunteer Computing.pdf:pdf},
isbn = {0-7695-2700-0},
journal = {ACM/IEEE SC 2006 Conference (SC'06)},
month = nov,
pages = {33--33},
publisher = {Ieee},
title = {{Designing a Runtime System for Volunteer Computing}},
url = {http://ieeexplore.ieee.org/lpdocs/epic03/wrapper.htm?arnumber=4090207},
year = {2006}
}
@book{Designs2002,
author = {Kaski, P},
file = {:home/gerdus/Meesters/Mendeley/Kaski - Isomorph-free exhaustive generation of combinatorial designs.pdf:pdf},
isbn = {9512258153},
keywords = {Block designs},
title = {{Isomorph-free exhaustive generation of combinatorial designs}},
year = {2002}
}
