@TECHREPORT{Kaski02isomorph-freeexhaustive,
    author = {Petteri Kaski},
    title = {Isomorph-free exhaustive generation of combinatorial designs},
    institution = {},
    year = {2002}
}
@book{colb,
  title={Handbook of combinatorial designs},
  author={Colbourn, Charles J and Dinitz, Jeffrey H},
  volume={42},
  year={2006},
  publisher={Chapman \& Hall/CRC}
}
@book{denes1,
  title={Latin squares and their applications},
  author={D{\'e}nes, J{\'o}zsef and Keedwell, Anthony D},
  year={1974},
  publisher={English Universities Press London}
}
@book{denes2,
  title={Latin squares: New developments in the theory and applications},
  author={D{\'e}nes, J{\'o}zsef and Keedwell, AD},
  volume={46},
  year={1991},
  publisher={North Holland}
}
@article{keedwell2000designing,
  title={Designing Tournaments with the aid of Latin Squares: a presentation of old and new results},
  author={Keedwell, AD},
  journal={Utilitas Mathematica},
  volume={58},
  pages={65--86},
  year={2000}
}
@article{kidd2010tabu,
  title={A tabu-search for minimising the carry-over effects value of a round-robin tournament},
  author={Kidd, MP},
  year={2010},
  publisher={Open Journals System}
}
@article{parker1959construction,
  title={Construction of some sets of mutually orthogonal Latin squares},
  author={Parker, ET},
  journal={Proceedings of the American Mathematical Society},
  volume={10},
  number={6},
  pages={946--949},
  year={1959},
  publisher={JSTOR}
}
@article{bose1,
  title={On the falsity of Euler's conjecture about the non-existence of two orthogonal Latin squares of order $4t+ 2$},
  author={Bose, Raj Chandra and Shrikhande, Sharadchandra Shankar},
  journal={Proceedings of the National Academy of Sciences of the United States of America},
  volume={45},
  number={5},
  pages={734},
  year={1959},
  publisher={National Academy of Sciences}
}
@book{tarry,
  title={Le probl{\`e}me des 36 officiers},
  author={Tarry, Gaston},
  year={1900},
  publisher={au Secr{\'e}tariat de l'Association fran{\c{c}}aise pour l'avancement des sciences}
}
@inproceedings{anderson2009celebrating,
  title={Celebrating diversity in volunteer computing},
  author={Anderson, David P and Reed, Kevin},
  booktitle={System Sciences, 2009. HICSS'09. 42nd Hawaii International Conference on},
  pages={1--8},
  year={2009},
  organization={IEEE}
}
@inproceedings{anderson2004boinc,
  title={Boinc: A system for public-resource computing and storage},
  author={Anderson, David P},
  booktitle={Grid Computing, 2004. Proceedings. Fifth IEEE/ACM International Workshop on},
  pages={4--10},
  year={2004},
  organization={IEEE}
}
@article{bose,
  title={Further results on the construction of mutually orthogonal Latin squares and the falsity of Eulerâ€™s conjecture},
  author={Bose, Raj Chandra and Shrikhande, Sharadchandra S and Parker, Ernest T},
  journal={Canad. J. Math},
  volume={12},
  pages={189--203},
  year={1960}
}
@ONLINE{boinc,
author = {University of California},
title = {BOINC: Open-source software for volunteer computing and grid computing.},
month = mar,
year = {2013},
url = {http://boinc.berkeley.edu/} 
}
@ONLINE{boinc2,
author = {University of California},
title = {Why use BOINC?},
month = mar,
year = {2013},
url = {http://boinc.berkeley.edu/trac/wiki/WhyUseBoinc}
}
@ONLINE{gimps,
author = {Mersenne Research, Inc},
title = {Great Internet Mersenne Prime Search},
month = mar,
year = {2013},
url = {http://www.mersenne.org/}
}
@article{robinson,
  title={Constructing an annual round-robin tournament played on neutral grounds},
  author={Robinson, D\_F\_},
  journal={Math. Chronicle},
  volume={10},
  pages={73--82},
  year={1981}
}
@book{laywine,
  title={Discrete mathematics using Latin squares},
  author={Laywine, Charles F and Mullen, Gary L},
  volume={17},
  year={1998},
  publisher={Wiley New York}
}
@book{fisher1,
  title={Statistical methods for research workers},
  author={Fisher, Ronald A},
  year={1925},
  publisher={Oliver \& Boyd, Edinburgh}
}
@article{fisher2,
  title={The design of experiments.},
  author={Fisher, Ronald Aylmer },
  journal={The design of experiments.},
  year={1935},
  publisher={Oliver \& Boyd, Edinburgh }
}
@article{mann1942construction,
  title={The construction of orthogonal latin squares},
  author={Mann, Henry B},
  journal={The Annals of Mathematical Statistics},
  pages={418--423},
  year={1942},
  publisher={JSTOR}
}
@article{euler,
  title={Recherches sur une nouvelle esp\'ece de quarr\'es magiques},
  author={Euler, L},
  journal={Verhandelingen uitgegeven door het zeeuwsch Genootschap der Wetenschappen te Vlissingen},
  pages={85--239},
  year={1782},
  volume={9}
}
@article{Norton1,
  title={Groups of orthogonal row-latin squares.},
  author={Norton, Donald A},
  journal={Pacific Journal of Mathematics},
  volume={2},
  number={3},
  pages={335--341},
  year={1952},
  publisher={Pacific Journal of Mathematics}
}
@article{Euler1,
  title={De quadratis magicis [On magic squares]},
  author={Euler, Leonhard},
  journal={Commentationes arithmeticae},
  volume={2},
  pages={593--602},
  year={1849}
} %%%%%%%%%%%%%%%%%%%%%%%%%%%%
@article{Anderson2006,
author = {Anderson, David and Christensen, Carl and Allen, Bruce},
doi = {10.1109/SC.2006.24},
file = {:home/gerdus/Meesters/Mendeley/Anderson, Christensen, Allen - Designing a Runtime System for Volunteer Computing.pdf:pdf},
isbn = {0-7695-2700-0},
journal = {ACM/IEEE SC 2006 Conference (SC'06)},
month = nov,
pages = {33--33},
publisher = {Ieee},
title = {{Designing a Runtime System for Volunteer Computing}},
url = {http://ieeexplore.ieee.org/lpdocs/epic03/wrapper.htm?arnumber=4090207},
year = {2006}
}
@article{Hall1945,
author = {Hall, Marshall},
file = {:home/gerdus/Meesters/Mendeley/Hall - An existence theorem for Latin squares.pdf:pdf},
journal = {Bull. Amer. Math. Soc},
number = {1935},
pages = {387--388},
title = {{An existence theorem for Latin squares}},
url = {http://www.ams.org/bull/1945-51-06/S0002-9904-1945-08361-X/S0002-9904-1945-08361-X.pdf},
volume = {10},
year = {1945}
}
@article{Lee2006,
author = {Lee, Moon Ho and Pokhrel, Subash Shree and Korea, South},
file = {:home/gerdus/Meesters/Mendeley/Lee, Pokhrel, Korea - On Orthogonality of Latin Squares.pdf:pdf},
keywords = {1,27,but question is of,constructing a random latin,enumeration for example,exist for a given,frequency squares,how,introduction from latin square,latin squares,many latin squares can,no good algorithm for,one natural approach to,orthogonality,refer to wilson,s the order of,square,t-orthogonality,the latin square,their construction,there seems to be,we can know that},
pages = {1--31},
title = {{On Orthogonality of Latin Squares}},
year = {2006}
}
@article{Bulutoglu,
author = {Bulutoglu, D A and Margot, F},
file = {:home/gerdus/Meesters/Mendeley/Bulutoglu, Margot - Classification of Orthogonal Arrays by Integer Programming.pdf:pdf},
keywords = {a,afit,bulutoglu,corresponding author,covering arrays,d,d-optimal designs,dursun,edu,email addresses,fractional factorial designs,isomorphism classes,isomorphism pruning,orthogonal arrays,packing arrays},
number = {December 2006},
title = {{Classification of Orthogonal Arrays by Integer Programming}}
}
@article{Kidd2012,
author = {Kidd, MP},
file = {:home/gerdus/Meesters/Mendeley/Kidd - On the existence and enumeration of sets of two or three mutually orthogonal Latin squares with application to sports tournament scheduling.pdf:pdf},
number = {March},
title = {{On the existen@book{denes2,
  title={Latin squares: New developments in the theory and applications},
  author={D{\'e}nes, J{\'o}zsef and Keedwell, AD},
  volume={46},
  year={1991},
  publisher={North Holland}
}ce and enumeration of sets of two or three mutually orthogonal Latin squares with application to sports tournament scheduling}},
url = {http://ir1.sun.ac.za/handle/10019.1/20038},
year = {2012}
}
@article{McKay2007,
author = {McKay, BD and Meynert, Alison and Myrvold, Wendy},
file = {:home/gerdus/Meesters/Mendeley/McKay, Meynert, Myrvold - Small Latin squares, quasigroups, and loops.pdf:pdf},
journal = {Journal of Combinatorial \ldots},
pages = {1--28},
title = {{Small Latin squares, quasigroups, and loops}},
url = {http://onlinelibrary.wiley.com/doi/10.1002/jcd.20105/abstract},
year = {2007}
}
@misc{TheMendeleySupportTeam2011,
abstract = {A quick introduction to Mendeley. Learn how Mendeley creates your personal digital library, how to organize and annotate documents, how to collaborate and share with colleagues, and how to generate citations and bibliographies.},
address = {London},
author = {{The Mendeley Support Team}},
booktitle = {Mendeley Desktop},
file = {:home/gerdus/Meesters/Mendeley/The Mendeley Support Team - Getting Started with Mendeley.pdf:pdf},
keywords = {Mendeley,how-to,user manual},
pages = {1--16},
publisher = {Mendeley Ltd.},
title = {{Getting Started with Mendeley}},
url = {http://www.mendeley.com},
year = {2011}
}
@book{Designs2002,
author = {Kaski, P},
file = {:home/gerdus/Meesters/Mendeley/Kaski - Isomorph-free exhaustive generation of combinatorial designs.pdf:pdf},
isbn = {9512258153},
keywords = {Block designs},
title = {{Isomorph-free exhaustive generation of combinatorial designs}},
year = {2002}
}
